% This .bib file contains the examples of how to prepare bibtex records 

% PiM To add:
@inproceedings{li2016pinatubo,
	title={Pinatubo: A processing-in-memory architecture for bulk bitwise operations in emerging non-volatile memories},
	author={Li, Shuangchen and Xu, Cong and Zou, Qiaosha and Zhao, Jishen and Lu, Yu and Xie, Yuan},
	booktitle={Design Automation Conference (DAC), 2016 53nd ACM/EDAC/IEEE},
	pages={1--6},
	year={2016},
	organization={IEEE}
}

%[79] in cadidacy proposal
@article{yavits2015resistive,
  title={Resistive associative processor},
  author={Yavits, Leonid and Kvatinsky, Shahar and Morad, Amir and Ginosar, Ran},
  journal={IEEE Computer Architecture Letters},
  volume={14},
  number={2},
  pages={148--151},
  year={2015},
  publisher={IEEE}
}


%[83] in cadidacy proposal
@inproceedings{zhu2008avoiding,
  title={Avoiding the Disk Bottleneck in the Data Domain Deduplication File System.},
  author={Zhu, Benjamin and Li, Kai and Patterson, R Hugo},
  booktitle={Fast},
  volume={8},
  pages={1--14},
  year={2008}
}

%[24] in cadidacy proposal
@inproceedings{debnath2010chunkstash,
  title={ChunkStash: Speeding Up Inline Storage Deduplication Using Flash Memory.},
  author={Debnath, Biplob K and Sengupta, Sudipta and Li, Jin},
  booktitle={USENIX annual technical conference},
  pages={1--16},
  year={2010}
}


%[16] in cadidacy proposal
@inproceedings{chen2011caftl,
  title={CAFTL: A Content-Aware Flash Translation Layer Enhancing the Lifespan of Flash Memory based Solid State Drives.},
  author={Chen, Feng and Luo, Tian and Zhang, Xiaodong},
  booktitle={FAST},
  volume={11},
  pages={77--90},
  year={2011}
}

%[75] in cadidacy proposal
@misc{XbrickSpec,
	author    	= {EMC XtremIO},
	title     	= {{X-Brick tech spec.}},
	howpublished  = {\url{https://www.emc.com/collateral/data-sheet/h12451-xtremio-4-system-specifications-ss.pdf}},
	note      	= {Accessed: 2017-07-06}  
}

%[67] in cadidacy proposal
@misc{silverberg2010opendedup,
  title={â€œOpendedup SDFS},
  author={Silverberg, S},
  year={2010}
}

%[58] in cadidacy proposal
@misc{norcott2003iozone,
  title={Iozone filesystem benchmark},
  author={Norcott, William D and Capps, Don},
  year={2003}
}

%[40] in cadidacy proposal
@misc{intelPCM,
  title={Intel Performance Counter Moniter},
  author={Intel Corporation},
  howpublished  = {\url{www.intel.com/software/pcm}}
}

% [1] in PiM to PRinS
@inproceedings{ahn2015scalable,
	title={A scalable processing-in-memory accelerator for parallel graph processing},
	author={Ahn, Junwhan and Hong, Sungpack and Yoo, Sungjoo and Mutlu, Onur and Choi, Kiyoung},
	booktitle={Computer Architecture (ISCA), 2015 ACM/IEEE 42nd Annual International Symposium on},
	pages={105--117},
	year={2015},
	organization={IEEE}
}

% [2] in PiM to PRinS
@inproceedings{ahn2015pim,
	title={PIM-enabled instructions: A low-overhead, locality-aware processing-in-memory architecture},
	author={Ahn, Junwhan and Yoo, Sungjoo and Mutlu, Onur and Choi, Kiyoung},
	booktitle={Computer Architecture (ISCA), 2015 ACM/IEEE 42nd Annual International Symposium on},
	pages={336--348},
	year={2015},
	organization={IEEE}
}

% [3] in PiM to PRinS
@article{akinaga2010resistive,
	title={Resistive random access memory (ReRAM) based on metal oxides},
	author={Akinaga, Hiroyuki and Shima, Hisashi},
	journal={Proceedings of the IEEE},
	volume={98},
	number={12},
	pages={2237--2251},
	year={2010},
	publisher={IEEE}
}

% [4] in PiM to PRinS
@article{azarkhish2017logic,
	title={Logic-Base Interconnect Design for Near Memory Computing in the Smart Memory Cube},
	author={Azarkhish, Erfan and Pfister, Christoph and Rossi, Davide and Loi, Igor and Benini, Luca},
	journal={IEEE Transactions on Very Large Scale Integration (VLSI) Systems},
	volume={25},
	number={1},
	pages={210--223},
	year={2017},
	publisher={IEEE}
}

% [5] in PiM to PRinS
@article{balasubramonian2014near,
	title={Near-data processing: Insights from a MICRO-46 workshop},
	author={Balasubramonian, Rajeev and Chang, Jichuan and Manning, Troy and Moreno, Jaime H and Murphy, Richard and Nair, Ravi and Swanson, Steven},
	journal={IEEE Micro},
	volume={34},
	number={4},
	pages={36--42},
	year={2014},
	publisher={IEEE}
}

% [7] in PiM to PRinS
@inproceedings{boboila2012active,
	title={Active flash: Out-of-core data analytics on flash storage},
	author={Boboila, Simona and Kim, Youngjae and Vazhkudai, Sudharshan S and Desnoyers, Peter and Shipman, Galen M},
	booktitle={Mass Storage Systems and Technologies (MSST), 2012 IEEE 28th Symposium on},
	pages={1--12},
	year={2012},
	organization={IEEE}
}

% [8] in PiM to PRinS
@inproceedings{chi2016prime,
	title={Prime: A novel processing-in-memory architecture for neural network computation in reram-based main memory},
	author={Chi, Ping and Li, Shuangchen and Xu, Cong and Zhang, Tao and Zhao, Jishen and Liu, Yongpan and Wang, Yu and Xie, Yuan},
	booktitle={Proceedings of the 43rd International Symposium on Computer Architecture},
	pages={27--39},
	year={2016},
	organization={IEEE Press}
}

% [9] in PiM to PRinS
@inproceedings{cho2013xsd,
	title={Xsd: Accelerating mapreduce by harnessing the gpu inside an ssd},
	author={Cho, Benjamin Y and Jeong, Won Seob and Oh, Doohwan and Ro, Won Woo},
	booktitle={Proceedings of the 1st Workshop on Near-Data Processing},
	year={2013}
}

% [10] in PiM to PRinS
@inproceedings{cho2013active,
	title={Active disk meets flash: A case for intelligent ssds},
	author={Cho, Sangyeun and Park, Chanik and Oh, Hyunok and Kim, Sungchan and Yi, Youngmin and Ganger, Gregory R},
	booktitle={Proceedings of the 27th international ACM conference on International conference on supercomputing},
	pages={91--102},
	year={2013},
	organization={ACM}
}

% [12] in PiM to PRinS
@inproceedings{esmaeilzadeh2011dark,
	title={Dark silicon and the end of multicore scaling},
	author={Esmaeilzadeh, Hadi and Blem, Emily and St Amant, Renee and Sankaralingam, Karthikeyan and Burger, Doug},
	booktitle={ACM SIGARCH Computer Architecture News},
	volume={39},
	number={3},
	pages={365--376},
	year={2011},
	organization={ACM}
}

% [13] in PiM to PRinS
@book{foster1976content,
	title={Content addressable parallel processors},
	author={Foster, Caxton C},
	year={1976},
	publisher={John Wiley \& Sons, Inc.}
}

% [14] in PiM to PRinS
@article{gandomi2015beyond,
	title={Beyond the hype: Big data concepts, methods, and analytics},
	author={Gandomi, Amir and Haider, Murtaza},
	journal={International Journal of Information Management},
	volume={35},
	number={2},
	pages={137--144},
	year={2015},
	publisher={Elsevier}
}

% [15] in PiM to PRinS
@inproceedings{gao2015practical,
	title={Practical near-data processing for in-memory analytics frameworks},
	author={Gao, Mingyu and Ayers, Grant and Kozyrakis, Christos},
	booktitle={Parallel Architecture and Compilation (PACT), 2015 International Conference on},
	pages={113--124},
	year={2015},
	organization={IEEE}
}

% [16] in PiM to PRinS
@inproceedings{giridhar2013exploring,
	title={Exploring DRAM organizations for energy-efficient and resilient exascale memories},
	author={Giridhar, Bharan and Cieslak, Michael and Duggal, Deepankar and Dreslinski, Ronald and Chen, Hsing Min and Patti, Robert and Hold, Betina and Chakrabarti, Chaitali and Mudge, Trevor and Blaauw, David},
	booktitle={Proceedings of the International Conference on High Performance Computing, Networking, Storage and Analysis},
	pages={23},
	year={2013},
	organization={ACM}
}

% [17] in PiM to PRinS
@article{gotoh1982improved,
	title={An improved algorithm for matching biological sequences},
	author={Gotoh, Osamu},
	journal={Journal of molecular biology},
	volume={162},
	number={3},
	pages={705--708},
	year={1982},
	publisher={Elsevier}
}

% [18] in PiM to PRinS
@inproceedings{guo2011resistive,
	title={A resistive TCAM accelerator for data-intensive computing},
	author={Guo, Qing and Guo, Xiaochen and Bai, Yuxin and Ipek, Engin},
	booktitle={Proceedings of the 44th Annual IEEE/ACM International Symposium on Microarchitecture},
	pages={339--350},
	year={2011},
	organization={ACM}
}

% [19] in PiM to PRinS
@article{guo2013ac,
	title={Ac-dimm: associative computing with stt-mram},
	author={Guo, Qing and Guo, Xiaochen and Patel, Ravi and Ipek, Engin and Friedman, Eby G},
	journal={ACM SIGARCH Computer Architecture News},
	volume={41},
	number={3},
	pages={189--200},
	year={2013},
	publisher={ACM}
}

% [21] in PiM to PRinS
@inproceedings{kaisler2013big,
	title={Big data: Issues and challenges moving forward},
	author={Kaisler, Stephen and Armour, Frank and Espinosa, J Alberto and Money, William},
	booktitle={System Sciences (HICSS), 2013 46th Hawaii International Conference on},
	pages={995--1004},
	year={2013},
	organization={IEEE}
}

% [22] in PiM to PRinS
@inproceedings{kang2013enabling,
	title={Enabling cost-effective data processing with smart ssd},
	author={Kang, Yangwook and Kee, Yang-suk and Miller, Ethan L and Park, Chanik},
	booktitle={Mass Storage Systems and Technologies (MSST), 2013 IEEE 29th Symposium on},
	pages={1--12},
	year={2013},
	organization={IEEE}
}

% [23] in PiM to PRinS
@article{kaplan2017resistive,
	title={A Resistive CAM Processing-in-Storage Architecture for DNA Sequence Alignment},
	author={Kaplan, Roman and Yavits, Leonid and Ginosar, Ran and Weiser, Uri},
	journal={arXiv preprint arXiv:1701.04723},
	year={2017}
}

% [24] in PiM to PRinS
@inproceedings{kaplan2016deduplication,
	title={Deduplication in resistive content addressable memory based solid state drive},
	author={Kaplan, Roman and Yavits, Leonid and Morad, Amir and Ginosar, Ran},
	booktitle={Power and Timing Modeling, Optimization and Simulation (PATMOS), 2016 26th International Workshop on},
	pages={100--106},
	year={2016},
	organization={IEEE}
}

% [25] in PiM to PRinS
@article{kogge1999short,
	title={A Short History of PIM at Notre Dame},
	author={Kogge, P},
	journal={July1999},
	year={1999}
}

% [26] in PiM to PRinS
@inproceedings{kogge2000pim,
	title={PIM architectures to support petaflops level computation in the HTMT machine},
	author={Kogge, Peter M and Brockman, JB and Freeh, Vincent W},
	booktitle={Innovative Architecture for Future Generation High-Performance Processors and Systems, 1999. International Workshop},
	pages={35--44},
	year={2000},
	organization={IEEE}
}

% [29] in PiM to PRinS
@article{liu2014130,
	title={A 130.7-$$\backslash$hbox $\{$mm$\}$\^{}$\{$2$\}$ $2-Layer 32-Gb ReRAM Memory Device in 24-nm Technology},
	author={Liu, Tz-yi and Yan, Tian Hong and Scheuerlein, Roy and Chen, Yingchang and Lee, Jeffrey KoonYee and Balakrishnan, Gopinath and Yee, Gordon and Zhang, Henry and Yap, Alex and Ouyang, Jingwen and others},
	journal={IEEE Journal of Solid-State Circuits},
	volume={49},
	number={1},
	pages={140--153},
	year={2014},
	publisher={IEEE}
}

% [30] in PiM to PRinS
@inproceedings{liu2014swaphi,
	title={SWAPHI: Smith-Waterman protein database search on Xeon Phi coprocessors},
	author={Liu, Yongchao and Schmidt, Bertil},
	booktitle={Application-specific Systems, Architectures and Processors (ASAP), 2014 IEEE 25th International Conference On},
	pages={184--185},
	year={2014},
	organization={IEEE}
}

% [31] in PiM to PRinS
@inproceedings{pawlowski2011hybrid,
	title={Hybrid memory cube: breakthrough DRAM performance with a fundamentally re-architected DRAM subsystem},
	author={Pawlowski, J Thomas},
	booktitle={Hot Chips},
	volume={23},
	year={2011}
}

% [33] in PiM to PRinS
@inproceedings{pugsley2014ndc,
	title={NDC: Analyzing the impact of 3D-stacked memory+ logic devices on MapReduce workloads},
	author={Pugsley, Seth H and Jestes, Jeffrey and Zhang, Huihui and Balasubramonian, Rajeev and Srinivasan, Vijayalakshmi and Buyuktosunoglu, Alper and Davis, Al and Li, Feifei},
	booktitle={Performance Analysis of Systems and Software (ISPASS), 2014 IEEE International Symposium on},
	pages={190--200},
	year={2014},
	organization={IEEE}
}

% [36] in PiM to PRinS
@article{de2016cudalign,
	title={CUDAlign 4.0: incremental speculative traceback for exact chromosome-wide alignment in GPU clusters},
	author={de Oliveira Sandes, Edans Flavius and Miranda, Guillermo and Martorell, Xavier and Ayguade, Eduard and Teodoro, George and Melo, Alba Cristina Magalhaes},
	journal={IEEE Transactions on Parallel and Distributed Systems},
	volume={27},
	number={10},
	pages={2838--2850},
	year={2016},
	publisher={IEEE}
}

% [37] in PiM to PRinS
@inproceedings{shafiee2016isaac,
	title={ISAAC: A convolutional neural network accelerator with in-situ analog arithmetic in crossbars},
	author={Shafiee, Ali and Nag, Anirban and Muralimanohar, Naveen and Balasubramonian, Rajeev and Strachan, John Paul and Hu, Miao and Williams, R Stanley and Srikumar, Vivek},
	booktitle={Proceedings of the 43rd International Symposium on Computer Architecture},
	pages={14--26},
	year={2016},
	organization={IEEE Press}
}

% [38] in PiM to PRinS
@article{smith1981identification,
	title={Identification of common molecular subsequences},
	author={Smith, Temple F and Waterman, Michael S},
	journal={Journal of molecular biology},
	volume={147},
	number={1},
	pages={195--197},
	year={1981},
	publisher={Elsevier}
}

% [39] in PiM to PRinS
@inproceedings{wienbrandt2014fpga,
	title={The FPGA-based high-performance computer RIVYERA for applications in bioinformatics},
	author={Wienbrandt, Lars},
	booktitle={Conference on Computability in Europe},
	pages={383--392},
	year={2014},
	organization={Springer}
}

% [42] in PiM to PRinS
@article{yavits2015computer,
	title={Computer architecture with associative processor replacing last-level cache and SIMD accelerator},
	author={Yavits, Leonid and Morad, Amir and Ginosar, Ran},
	journal={IEEE Transactions on Computers},
	volume={64},
	number={2},
	pages={368--381},
	year={2015},
	publisher={IEEE}
}


% This is an example of how to prepare bibtex record for an article in proceedings.
% The following bibtex records are provided by the DBLP.org,
% http://dblp.dagstuhl.de/rec/bibtex/conf/ppopp/AnztDFQ17
% Please do not forget to add ``proceedings'' bibtex record for the ``inproceedings'' bibtex record to your .bib file.
% It is necessary to display your ``inproceedings'' bibtex record correctly.
@inproceedings{DBLP:conf/iccS/AltintasNLKDS16,
	author    = {Ilkay Altintas and
	Michael Normal and
	Michael Lees and
	Valeria V. Krzhizhanovskaya and
	Jack J. Dongarra and
	Peter M. A. Sloot},
	title     = {Data through the Computational Lens, Preface for {ICCS} 2016},
	booktitle = {International Conference on Computational Science 2016, {ICCS} 2016,
	6-8 June 2016, San Diego, California, {USA}},
	pages     = {1--7},
	year      = {2016},
	crossref  = {DBLP:conf/iccS/2016},
	url       = {http://dx.doi.org/10.1016/j.procs.2016.05.426},
	doi       = {10.1016/j.procs.2016.05.426},
	timestamp = {Tue, 28 Jun 2016 19:28:29 +0200},
	biburl    = {http://dblp.dagstuhl.de/rec/bib/conf/iccS/AltintasNLKDS16},
	bibsource = {dblp computer science bibliography, http://dblp.org}
}
@proceedings{DBLP:conf/iccS/2016,
	editor    = {Michelle Connolly},
	title     = {International Conference on Computational Science 2016, {ICCS} 2016,
	6-8 June 2016, San Diego, California, {USA}},
	series    = {Procedia Computer Science},
	volume    = {80},
	publisher = {Elsevier},
	year      = {2016},
	url       = {http://www.sciencedirect.com/science/journal/18770509/80},
	timestamp = {Tue, 28 Jun 2016 19:27:43 +0200},
	biburl    = {http://dblp.dagstuhl.de/rec/bib/conf/iccS/2016},
	bibsource = {dblp computer science bibliography, http://dblp.org}
}

% This is an example of how to prepare bibtex record for proceedings.
% The following bibtex records are provided by the DBLP.org,
% http://dblp.dagstuhl.de/rec/bibtex/conf/ics/2015
@proceedings{DBLP:conf/ics/2015,
  editor    = {Laxmi N. Bhuyan and
               Fred Chong and
               Vivek Sarkar},
  title     = {Proceedings of the 29th {ACM} on International Conference on Supercomputing,
               ICS'15, Newport Beach/Irvine, CA, USA, June 08 - 11, 2015},
  publisher = {{ACM}},
  year      = {2015},
  url       = {http://dl.acm.org/citation.cfm?id=2751205},
  isbn      = {978-1-4503-3559-1},
  timestamp = {Mon, 08 Jun 2015 09:01:59 +0200},
  biburl    = {http://dblp.uni-trier.de/rec/bib/conf/ics/2015},
  bibsource = {dblp computer science bibliography, http://dblp.org}
}

% This is an example of how to prepare bibtex record for a book.
% The following bibtex record is provided by the DBLP.org,
% http://dblp.dagstuhl.de/rec/bibtex/series/cogtech/354089408
@book{DBLP:series/cogtech/354089408,
	editor    = {Matthew W. Crocker and
	J{\"{o}}rg H. Siekmann},
	title     = {Resource-Adaptive Cognitive Processes},
	series    = {Cognitive Technologies},
	publisher = {Springer},
	year      = {2011},
	url       = {http://dx.doi.org/10.1007/978-3-540-89408-7},
	doi       = {10.1007/978-3-540-89408-7},
	isbn      = {978-3-540-89407-0},
	timestamp = {Tue, 10 Sep 2013 13:05:09 +0200},
	biburl    = {http://dblp.dagstuhl.de/rec/bib/series/cogtech/354089408},
	bibsource = {dblp computer science bibliography, http://dblp.org}
}

% This is an example of how to prepare bibtex record for a book chapter.
% The following bibtex records are provided by the DBLP.org,
% http://dblp.dagstuhl.de/rec/bib/books/sp/byeon2010/RiedelSMWL10
% Please do not forget to add ``book'' bibtex record for the ``incollection'' bibtex record to your .bib file.
% It is necessary to display your ``incollection'' bibtex record correctly.
@incollection{DBLP:books/sp/byeon2010/RiedelSMWL10,
	author    = {Morris Riedel and
	Achim Streit and
	Daniel Mallmann and
	Felix Wolf and
	Thomas Lippert},
	title     = {Experiences and Requirements for Interoperability Between {HTC} and
	HPC-driven e-Science Infrastructure},
	booktitle = {Future Application and Middleware Technology on e-Science},
	pages     = {113--123},
	year      = {2010},
	crossref  = {DBLP:books/sp/byeon10},
	url       = {http://dx.doi.org/10.1007/978-1-4419-1719-5_12},
	doi       = {10.1007/978-1-4419-1719-5_12},
	timestamp = {Wed, 14 Jan 2015 08:32:54 +0100},
	biburl    = {http://dblp.dagstuhl.de/rec/bib/books/sp/byeon2010/RiedelSMWL10},
	bibsource = {dblp computer science bibliography, http://dblp.org}
}

@book{DBLP:books/sp/byeon10,
	editor    = {Ok{-}Hwan Byeon and
	Jang Hyuk Kwon and
	Thom H. Dunning and
	Kumwon Cho and
	Aurore Savoy{-}Navarro},
	title     = {Future Application and Middleware Technology on e-Science},
	publisher = {Springer},
	year      = {2010},
	isbn      = {978-1-4419-1718-8},
	timestamp = {Wed, 14 Jan 2015 08:32:54 +0100},
	biburl    = {http://dblp.dagstuhl.de/rec/bib/books/sp/byeon10},
	bibsource = {dblp computer science bibliography, http://dblp.org}
}

% This is an example of how to prepare bibtex record for online document.
% Please do not forget to indicate both URL of the document (using \url) and date of the last access.
@misc{SIV2008,
	author    	= {D. Harkins},
	title     	= {{Synthetic Initialization Vector (SIV) Authenticated Encryption Using the Advanced Encryption Standard (AES)}},
	year      	= {2008},
	howpublished  = {\url{http://tools.ietf.org/html/rfc5297}},
	note      	= {Accessed: 2010-09-30}  
}
