% This .bib file contains the examples of how to prepare bibtex records 
% for an article submitted in ``Supercomputing Frontiers and Innovations. An International Journal''.
% The following bibtex records are provided by the DBLP.org.

% This is an example of how to prepare bibtex record for a journal article.
% The following bibtex record is provided by the DBLP.org,
% http://dblp.dagstuhl.de/rec/bibtex/journals/pcs/SokolinskyS16
@article{DBLP:journals/pcs/SokolinskyS16,
  author    = {Leonid B. Sokolinsky and
               Anastasia V. Shamakina},
  title     = {Methods of resource management in problem-oriented computing environment},
  journal   = {Programming and Computer Software},
  volume    = {42},
  number    = {1},
  pages     = {17--26},
  year      = {2016},
  url       = {http://dx.doi.org/10.1134/S0361768816010084},
  doi       = {10.1134/S0361768816010084},
  timestamp = {Mon, 25 Jan 2016 12:52:23 +0100},
  biburl    = {http://dblp.dagstuhl.de/rec/bib/journals/pcs/SokolinskyS16},
  bibsource = {dblp computer science bibliography, http://dblp.org}
}

% This is an example of how to prepare bibtex record for a dissertation.
% The following bibtex record is provided by the DBLP.org,
% http://dblp.dagstuhl.de/rec/bibtex/journals/corr/Zhang16b
@article{DBLP:journals/corr/Zhang16b,
  author    = {Sixin Zhang},
  title     = {Distributed stochastic optimization for deep learning (thesis)},
  journal   = {CoRR},
  volume    = {abs/1605.02216},
  year      = {2016},
  url       = {http://arxiv.org/abs/1605.02216},
  timestamp = {Wed, 01 Jun 2016 15:51:08 +0200},
  biburl    = {http://dblp.dagstuhl.de/rec/bib/journals/corr/Zhang16b},
  bibsource = {dblp computer science bibliography, http://dblp.org}
}

% This is an example of how to prepare bibtex record for an article in proceedings.
% The following bibtex records are provided by the DBLP.org,
% http://dblp.dagstuhl.de/rec/bibtex/conf/ppopp/AnztDFQ17
% Please do not forget to add ``proceedings'' bibtex record for the ``inproceedings'' bibtex record to your .bib file.
% It is necessary to display your ``inproceedings'' bibtex record correctly.
@inproceedings{DBLP:conf/iccS/AltintasNLKDS16,
	author    = {Ilkay Altintas and
	Michael Normal and
	Michael Lees and
	Valeria V. Krzhizhanovskaya and
	Jack J. Dongarra and
	Peter M. A. Sloot},
	title     = {Data through the Computational Lens, Preface for {ICCS} 2016},
	booktitle = {International Conference on Computational Science 2016, {ICCS} 2016,
	6-8 June 2016, San Diego, California, {USA}},
	pages     = {1--7},
	year      = {2016},
	crossref  = {DBLP:conf/iccS/2016},
	url       = {http://dx.doi.org/10.1016/j.procs.2016.05.426},
	doi       = {10.1016/j.procs.2016.05.426},
	timestamp = {Tue, 28 Jun 2016 19:28:29 +0200},
	biburl    = {http://dblp.dagstuhl.de/rec/bib/conf/iccS/AltintasNLKDS16},
	bibsource = {dblp computer science bibliography, http://dblp.org}
}
@proceedings{DBLP:conf/iccS/2016,
	editor    = {Michelle Connolly},
	title     = {International Conference on Computational Science 2016, {ICCS} 2016,
	6-8 June 2016, San Diego, California, {USA}},
	series    = {Procedia Computer Science},
	volume    = {80},
	publisher = {Elsevier},
	year      = {2016},
	url       = {http://www.sciencedirect.com/science/journal/18770509/80},
	timestamp = {Tue, 28 Jun 2016 19:27:43 +0200},
	biburl    = {http://dblp.dagstuhl.de/rec/bib/conf/iccS/2016},
	bibsource = {dblp computer science bibliography, http://dblp.org}
}

% This is an example of how to prepare bibtex record for proceedings.
% The following bibtex records are provided by the DBLP.org,
% http://dblp.dagstuhl.de/rec/bibtex/conf/ics/2015
@proceedings{DBLP:conf/ics/2015,
  editor    = {Laxmi N. Bhuyan and
               Fred Chong and
               Vivek Sarkar},
  title     = {Proceedings of the 29th {ACM} on International Conference on Supercomputing,
               ICS'15, Newport Beach/Irvine, CA, USA, June 08 - 11, 2015},
  publisher = {{ACM}},
  year      = {2015},
  url       = {http://dl.acm.org/citation.cfm?id=2751205},
  isbn      = {978-1-4503-3559-1},
  timestamp = {Mon, 08 Jun 2015 09:01:59 +0200},
  biburl    = {http://dblp.uni-trier.de/rec/bib/conf/ics/2015},
  bibsource = {dblp computer science bibliography, http://dblp.org}
}

% This is an example of how to prepare bibtex record for a book.
% The following bibtex record is provided by the DBLP.org,
% http://dblp.dagstuhl.de/rec/bibtex/series/cogtech/354089408
@book{DBLP:series/cogtech/354089408,
	editor    = {Matthew W. Crocker and
	J{\"{o}}rg H. Siekmann},
	title     = {Resource-Adaptive Cognitive Processes},
	series    = {Cognitive Technologies},
	publisher = {Springer},
	year      = {2011},
	url       = {http://dx.doi.org/10.1007/978-3-540-89408-7},
	doi       = {10.1007/978-3-540-89408-7},
	isbn      = {978-3-540-89407-0},
	timestamp = {Tue, 10 Sep 2013 13:05:09 +0200},
	biburl    = {http://dblp.dagstuhl.de/rec/bib/series/cogtech/354089408},
	bibsource = {dblp computer science bibliography, http://dblp.org}
}

% This is an example of how to prepare bibtex record for a book chapter.
% The following bibtex records are provided by the DBLP.org,
% http://dblp.dagstuhl.de/rec/bib/books/sp/byeon2010/RiedelSMWL10
% Please do not forget to add ``book'' bibtex record for the ``incollection'' bibtex record to your .bib file.
% It is necessary to display your ``incollection'' bibtex record correctly.
@incollection{DBLP:books/sp/byeon2010/RiedelSMWL10,
	author    = {Morris Riedel and
	Achim Streit and
	Daniel Mallmann and
	Felix Wolf and
	Thomas Lippert},
	title     = {Experiences and Requirements for Interoperability Between {HTC} and
	HPC-driven e-Science Infrastructure},
	booktitle = {Future Application and Middleware Technology on e-Science},
	pages     = {113--123},
	year      = {2010},
	crossref  = {DBLP:books/sp/byeon10},
	url       = {http://dx.doi.org/10.1007/978-1-4419-1719-5_12},
	doi       = {10.1007/978-1-4419-1719-5_12},
	timestamp = {Wed, 14 Jan 2015 08:32:54 +0100},
	biburl    = {http://dblp.dagstuhl.de/rec/bib/books/sp/byeon2010/RiedelSMWL10},
	bibsource = {dblp computer science bibliography, http://dblp.org}
}

@book{DBLP:books/sp/byeon10,
	editor    = {Ok{-}Hwan Byeon and
	Jang Hyuk Kwon and
	Thom H. Dunning and
	Kumwon Cho and
	Aurore Savoy{-}Navarro},
	title     = {Future Application and Middleware Technology on e-Science},
	publisher = {Springer},
	year      = {2010},
	isbn      = {978-1-4419-1718-8},
	timestamp = {Wed, 14 Jan 2015 08:32:54 +0100},
	biburl    = {http://dblp.dagstuhl.de/rec/bib/books/sp/byeon10},
	bibsource = {dblp computer science bibliography, http://dblp.org}
}

% This is an example of how to prepare bibtex record for online document.
% Please do not forget to indicate both URL of the document (using \url) and date of the last access.
@misc{SIV2008,
	author    	= {D. Harkins},
	title     	= {{Synthetic Initialization Vector (SIV) Authenticated Encryption Using the Advanced Encryption Standard (AES)}},
	year      	= {2008},
	howpublished  = {\url{http://tools.ietf.org/html/rfc5297}},
	note      	= {Accessed: 2010-09-30}  
}
